
    <zs:record>
      <zs:recordSchema/>
      <zs:recordPacking>xml</zs:recordPacking>
      <zs:recordData>
        <record xmlns="http://www.loc.gov/MARC21/slim">
          <leader>01690cam a2200337 a 4500</leader>
          <controlfield tag="001">711040</controlfield>
          <controlfield tag="005">19990201141839.9</controlfield>
          <controlfield tag="008">971208s1998    iluab    b   s001 0 eng  </controlfield>
          <datafield tag="035" ind1=" " ind2=" ">
            <subfield code="9">(DLC)   97045408</subfield>
          </datafield>
          <datafield tag="906" ind1=" " ind2=" ">
            <subfield code="a">7</subfield>
            <subfield code="b">cbc</subfield>
            <subfield code="c">orignew</subfield>
            <subfield code="d">1</subfield>
            <subfield code="e">ocip</subfield>
            <subfield code="f">19</subfield>
            <subfield code="g">y-gencatlg</subfield>
          </datafield>
          <datafield tag="955" ind1=" " ind2=" ">
            <subfield code="a">Electronic CIP test record; sf09 12-08-97; to RCCD 12-08-97; y02 12-02-97; yk10 12-16-97;aa05 12-17-97; CIP ver. yj03 12-01-98</subfield>
          </datafield>
          <datafield tag="010" ind1=" " ind2=" ">
            <subfield code="a">   97045408 </subfield>
          </datafield>
          <datafield tag="020" ind1=" " ind2=" ">
            <subfield code="a">0252024125 (cloth : acid-free paper)</subfield>
          </datafield>
          <datafield tag="020" ind1=" " ind2=" ">
            <subfield code="a">0252067169 (pbk. : acid-free paper)</subfield>
          </datafield>
          <datafield tag="040" ind1=" " ind2=" ">
            <subfield code="a">DLC</subfield>
            <subfield code="c">DLC</subfield>
            <subfield code="d">DLC</subfield>
          </datafield>
          <datafield tag="043" ind1=" " ind2=" ">
            <subfield code="a">a-np---</subfield>
          </datafield>
          <datafield tag="050" ind1="0" ind2="0">
            <subfield code="a">DS495.8.B456</subfield>
            <subfield code="b">C36 1998</subfield>
          </datafield>
          <datafield tag="082" ind1="0" ind2="0">
            <subfield code="a">305.48/9694</subfield>
            <subfield code="2">21</subfield>
          </datafield>
          <datafield tag="100" ind1="1" ind2=" ">
            <subfield code="a">Cameron, Mary M.,</subfield>
            <subfield code="d">1956-</subfield>
          </datafield>
          <datafield tag="245" ind1="1" ind2="0">
            <subfield code="a">On the edge of the auspicious :</subfield>
            <subfield code="b">gender and caste in Nepal /</subfield>
            <subfield code="c">Mary M. Cameron.</subfield>
          </datafield>
          <datafield tag="260" ind1=" " ind2=" ">
            <subfield code="a">Urbana :</subfield>
            <subfield code="b">University of Illinois Press,</subfield>
            <subfield code="c">c1998.</subfield>
          </datafield>
          <datafield tag="300" ind1=" " ind2=" ">
            <subfield code="a">xi, 314 p. :</subfield>
            <subfield code="b">ill., map ;</subfield>
            <subfield code="c">24 cm.</subfield>
          </datafield>
          <datafield tag="504" ind1=" " ind2=" ">
            <subfield code="a">Includes bibliographical references (p. 289-304) and index.</subfield>
          </datafield>
          <datafield tag="505" ind1="0" ind2=" ">
            <subfield code="a">Introduction : physical realms, sentient beings -- Situating low-caste women -- Patronage, land, and farming -- Labor in the Himalayas -- Low-caste women's artisan and domestic work -- Narratives of honor and sexuality -- Demystifying the gift : low-caste marriage and kinship -- Bearing the jāt : childbirth and motherhood -- Reconfiguring gender through caste.</subfield>
          </datafield>
          <datafield tag="650" ind1=" " ind2="0">
            <subfield code="a">Caste</subfield>
            <subfield code="z">Nepal</subfield>
            <subfield code="z">Bhalara.</subfield>
          </datafield>
          <datafield tag="651" ind1=" " ind2="0">
            <subfield code="a">Bhalara (Nepal)</subfield>
            <subfield code="x">Social life and customs.</subfield>
          </datafield>
          <datafield tag="650" ind1=" " ind2="0">
            <subfield code="a">Poor women</subfield>
            <subfield code="z">Nepal</subfield>
            <subfield code="z">Bhalara</subfield>
            <subfield code="x">Social conditions.</subfield>
          </datafield>
          <datafield tag="650" ind1=" " ind2="0">
            <subfield code="a">Women peasants</subfield>
            <subfield code="z">Nepal</subfield>
            <subfield code="z">Bhalara</subfield>
            <subfield code="x">Social conditions.</subfield>
          </datafield>
          <datafield tag="920" ind1=" " ind2=" ">
            <subfield code="a">**  LC HAS REQ'D # OF SHELF COPIES**</subfield>
          </datafield>
          <datafield tag="922" ind1=" " ind2=" ">
            <subfield code="a">ad</subfield>
          </datafield>
          <datafield tag="991" ind1=" " ind2=" ">
            <subfield code="b">c-GenColl</subfield>
            <subfield code="h">DS495.8.B456</subfield>
            <subfield code="i">C36 1998</subfield>
            <subfield code="t">Copy 1</subfield>
            <subfield code="w">BOOKS</subfield>
          </datafield>
        </record>
      </zs:recordData>
      <zs:recordPosition>13</zs:recordPosition>
    </zs:record>