
    <zs:record>
      <zs:recordSchema/>
      <zs:recordPacking>xml</zs:recordPacking>
      <zs:recordData>
        <record xmlns="http://www.loc.gov/MARC21/slim">
          <leader>02587cam a22004097i 4500</leader>
          <controlfield tag="001">21351611</controlfield>
          <controlfield tag="005">20200206083557.0</controlfield>
          <controlfield tag="008">190126s2019    enkac    bc   000 0 eng d</controlfield>
          <datafield tag="906" ind1=" " ind2=" ">
            <subfield code="a">7</subfield>
            <subfield code="b">cbc</subfield>
            <subfield code="c">copycat</subfield>
            <subfield code="d">3</subfield>
            <subfield code="e">ncip</subfield>
            <subfield code="f">20</subfield>
            <subfield code="g">y-gencatlg</subfield>
          </datafield>
          <datafield tag="925" ind1="0" ind2=" ">
            <subfield code="a">acquire</subfield>
            <subfield code="b">1 shelf copy</subfield>
            <subfield code="x">policy default</subfield>
          </datafield>
          <datafield tag="955" ind1=" " ind2=" ">
            <subfield code="b">hf07 2020-01-31 z-processor</subfield>
            <subfield code="i">hf07 2020-02-06 to BCCD</subfield>
          </datafield>
          <datafield tag="010" ind1=" " ind2=" ">
            <subfield code="a">  2019401510</subfield>
          </datafield>
          <datafield tag="020" ind1=" " ind2=" ">
            <subfield code="a">9781911408499</subfield>
            <subfield code="q">paperback</subfield>
          </datafield>
          <datafield tag="020" ind1=" " ind2=" ">
            <subfield code="a">1911408496</subfield>
            <subfield code="q">paperback</subfield>
          </datafield>
          <datafield tag="035" ind1=" " ind2=" ">
            <subfield code="a">(OCoLC)on1083270620</subfield>
          </datafield>
          <datafield tag="040" ind1=" " ind2=" ">
            <subfield code="a">YDX</subfield>
            <subfield code="b">eng</subfield>
            <subfield code="c">YDX</subfield>
            <subfield code="e">rda</subfield>
            <subfield code="d">ERASA</subfield>
            <subfield code="d">AVA</subfield>
            <subfield code="d">OCLCF</subfield>
            <subfield code="d">YDXIT</subfield>
            <subfield code="d">FXM</subfield>
            <subfield code="d">NDD</subfield>
            <subfield code="d">YUS</subfield>
            <subfield code="d">DLC</subfield>
          </datafield>
          <datafield tag="042" ind1=" " ind2=" ">
            <subfield code="a">lccopycat</subfield>
          </datafield>
          <datafield tag="082" ind1="0" ind2="4">
            <subfield code="a">759.2</subfield>
            <subfield code="2">23</subfield>
          </datafield>
          <datafield tag="050" ind1="0" ind2="0">
            <subfield code="a">ND497.C362</subfield>
            <subfield code="b">S36 2019</subfield>
          </datafield>
          <datafield tag="100" ind1="1" ind2=" ">
            <subfield code="a">Scott, Helen E.</subfield>
            <subfield code="c">(Art curator),</subfield>
            <subfield code="e">author.</subfield>
          </datafield>
          <datafield tag="245" ind1="1" ind2="0">
            <subfield code="a">Mary Cameron :</subfield>
            <subfield code="b">life in paint /</subfield>
            <subfield code="c">Helen E. Scott.</subfield>
          </datafield>
          <datafield tag="246" ind1="3" ind2="0">
            <subfield code="a">Life in paint.</subfield>
          </datafield>
          <datafield tag="264" ind1=" " ind2="1">
            <subfield code="a">Bristol :</subfield>
            <subfield code="b">Sansom and Company,</subfield>
            <subfield code="c">2019.</subfield>
          </datafield>
          <datafield tag="300" ind1=" " ind2=" ">
            <subfield code="a">80 pages :</subfield>
            <subfield code="b">illustrations, portraits (black and white, and color) ;</subfield>
            <subfield code="c">27 cm</subfield>
          </datafield>
          <datafield tag="336" ind1=" " ind2=" ">
            <subfield code="a">text</subfield>
            <subfield code="b">txt</subfield>
            <subfield code="2">rdacontent</subfield>
          </datafield>
          <datafield tag="337" ind1=" " ind2=" ">
            <subfield code="a">unmediated</subfield>
            <subfield code="b">n</subfield>
            <subfield code="2">rdamedia</subfield>
          </datafield>
          <datafield tag="338" ind1=" " ind2=" ">
            <subfield code="a">volume</subfield>
            <subfield code="b">nc</subfield>
            <subfield code="2">rdacarrier</subfield>
          </datafield>
          <datafield tag="500" ind1=" " ind2=" ">
            <subfield code="a">Published to accompany an exhibition held at City Art Centre, Edinburgh, 2nd November 2019-15th March 2020.</subfield>
          </datafield>
          <datafield tag="504" ind1=" " ind2=" ">
            <subfield code="a">Includes bibliographical references.</subfield>
          </datafield>
          <datafield tag="520" ind1="8" ind2=" ">
            <subfield code="a">Mary Cameron: Life in Paint' explores the fascinating story of Cameron?s life and career, charting her creative journey from elegant family portraits to breathtaking Spanish scenes. Mary Cameron (1865-1921) was an artist and woman ahead of her time. Born in Edinburgh, she began her career as a portraitist and genre painter in her native city, before venturing abroad to study in Paris. Foreign travel proved to be an enduring source of inspiration. In 1900 she visited Madrid for the first time, and was captivated by the Spanish culture, people and scenery. Establishing studios in Madrid and Seville, she executed large-scale compositions of traditional peasant life, dramatic bullfights and rural landscapes. Cameron exhibited widely, and her talents were recognised by contemporaries such as John Lavery and Alexander Roche. However, like many female artists of her generation, her name is now little-known. Exhibition: City Art Centre, Edinburgh, UK (02.11.2019-15.03.2020).</subfield>
          </datafield>
          <datafield tag="600" ind1="1" ind2="0">
            <subfield code="a">Cameron, Mary,</subfield>
            <subfield code="d">1865-1921</subfield>
            <subfield code="x">Criticism and interpretation</subfield>
            <subfield code="v">Exhibitions.</subfield>
          </datafield>
          <datafield tag="600" ind1="1" ind2="0">
            <subfield code="a">Cameron, Mary,</subfield>
            <subfield code="d">1865-1921</subfield>
            <subfield code="v">Exhibitions.</subfield>
          </datafield>
          <datafield tag="700" ind1="1" ind2=" ">
            <subfield code="a">Cameron, Mary,</subfield>
            <subfield code="d">1865-1921,</subfield>
            <subfield code="e">artist.</subfield>
          </datafield>
          <datafield tag="710" ind1="2" ind2=" ">
            <subfield code="a">Edinburgh City Art Centre,</subfield>
            <subfield code="e">host institution.</subfield>
          </datafield>
          <datafield tag="923" ind1=" " ind2=" ">
            <subfield code="a">purchase</subfield>
            <subfield code="d">20191212</subfield>
            <subfield code="n">I-200012325</subfield>
            <subfield code="s">ProQuest</subfield>
          </datafield>
          <datafield tag="955" ind1=" " ind2=" ">
            <subfield code="a">ve14 2020-01-03</subfield>
          </datafield>
          <datafield tag="985" ind1=" " ind2=" ">
            <subfield code="e">VENDOR LOAD</subfield>
          </datafield>
        </record>
      </zs:recordData>
      <zs:recordPosition>16</zs:recordPosition>
    </zs:record>
  </zs:records>
  <zs:echoedSearchRetrieveRequest>
    <zs:version>1.1</zs:version>
    <zs:query>dc.creator="Cameron, Mary" or dc.creator="Mackellar, Mary" or dc.creator="Mackellar, Mary Cameron"</zs:query>
    <zs:maximumRecords>100</zs:maximumRecords>
    <zs:recordPacking>xml</zs:recordPacking>
  </zs:echoedSearchRetrieveRequest>
</zs:searchRetrieveResponse>
